[gd_scene load_steps=10 format=3 uid="uid://d3vwrf8cqh44q"]

[ext_resource type="Script" uid="uid://cgns6b1k4qd8w" path="res://scripts/slime.gd" id="1_kvger"]
[ext_resource type="Texture2D" uid="uid://c5ihpssd4vv3c" path="res://assets/sprites/slime_green.png" id="1_w1q5t"]
[ext_resource type="PackedScene" uid="uid://cm7yksidrjdm6" path="res://scenes/killzone.tscn" id="2_doef0"]

[sub_resource type="AtlasTexture" id="AtlasTexture_u6map"]
atlas = ExtResource("1_w1q5t")
region = Rect2(0, 24, 24, 24)

[sub_resource type="AtlasTexture" id="AtlasTexture_mqlh5"]
atlas = ExtResource("1_w1q5t")
region = Rect2(24, 24, 24, 24)

[sub_resource type="AtlasTexture" id="AtlasTexture_5rw6r"]
atlas = ExtResource("1_w1q5t")
region = Rect2(48, 24, 24, 24)

[sub_resource type="AtlasTexture" id="AtlasTexture_otyqu"]
atlas = ExtResource("1_w1q5t")
region = Rect2(72, 24, 24, 24)

[sub_resource type="SpriteFrames" id="SpriteFrames_wne7o"]
animations = [{
"frames": [{
"duration": 1.0,
"texture": SubResource("AtlasTexture_u6map")
}, {
"duration": 1.0,
"texture": SubResource("AtlasTexture_mqlh5")
}, {
"duration": 1.0,
"texture": SubResource("AtlasTexture_5rw6r")
}, {
"duration": 1.0,
"texture": SubResource("AtlasTexture_otyqu")
}],
"loop": true,
"name": &"idle",
"speed": 10.0
}]

[sub_resource type="RectangleShape2D" id="RectangleShape2D_q033h"]
size = Vector2(12, 14)

[node name="Slime" type="Node2D"]
script = ExtResource("1_kvger")

[node name="AnimatedSprite2D" type="AnimatedSprite2D" parent="."]
position = Vector2(0, -12)
sprite_frames = SubResource("SpriteFrames_wne7o")
animation = &"idle"
autoplay = "idle"
frame_progress = 0.795689

[node name="Killzone" parent="." instance=ExtResource("2_doef0")]
position = Vector2(-2, 2)

[node name="CollisionShape2D" type="CollisionShape2D" parent="Killzone"]
position = Vector2(2, -9)
shape = SubResource("RectangleShape2D_q033h")

[node name="RayCastRight" type="RayCast2D" parent="."]
position = Vector2(0, -7)
target_position = Vector2(8, 0)

[node name="RayCastLeft" type="RayCast2D" parent="."]
position = Vector2(0, -7)
target_position = Vector2(-8, 0)
